<?xml version="1.0" encoding="UTF-8"?><collection xmlns="http://www.loc.gov/MARC21/slim"><record><leader>00382nam--2200133-i-4500</leader><controlfield tag="001">000046016</controlfield><controlfield tag="002">20161230</controlfield><controlfield tag="005">20161230201045</controlfield><controlfield tag="008">060222s1000------------r-----000-0-eng-d</controlfield><datafield ind1=" " ind2=" " tag="100"><subfield code="a">Van Der Waerden, B.L</subfield></datafield><datafield ind1=" " ind2=" " tag="245"><subfield code="a">Moderne algebra</subfield></datafield><datafield ind1=" " ind2=" " tag="260"><subfield code="a">Berlin, Springer-verlag, 1950, Viii+292p</subfield></datafield><datafield ind1=" " ind2=" " tag="490"><subfield code="a">Die Grundlagen Der Matthematischen Wissenschaften In Einzeldarstellung</subfield></datafield><datafield ind1=" " ind2=" " tag="852"><subfield code="a">742</subfield></datafield></record></collection>